<?xml version="1.0" encoding="UTF-8"?><collection xmlns="http://www.loc.gov/MARC21/slim"><record><leader>00438nam--2200145-i-4500</leader><controlfield tag="001">000033920</controlfield><controlfield tag="002">20161230</controlfield><controlfield tag="005">20161230201039</controlfield><controlfield tag="008">060222s1000------------r-----000-0-eng-d</controlfield><datafield ind1="1" ind2=" " tag="100"><subfield code="a">Morrey, Charles B.And Protter, Murray H</subfield></datafield><datafield ind1="1" ind2="0" tag="245"><subfield code="a">Modern mathematical analysis</subfield></datafield><datafield ind1=" " ind2=" " tag="260"><subfield code="a">Reading/Mass., Addison-wesley Publ.Co., 1964, X + 790p</subfield></datafield><datafield ind1=" " ind2=" " tag="490"><subfield code="a">Addiso-wesley Series In Mathematics</subfield></datafield><datafield ind1=" " ind2=" " tag="852"><subfield code="a">30211</subfield><subfield code="c">517</subfield></datafield><datafield ind1=" " ind2=" " tag="CAT"><subfield code="a">Sys</subfield><subfield code="c">20080618</subfield><subfield code="h">104735</subfield></datafield></record></collection>